@book{marker,
  author = {Marker, David},
  title = {Model Theory: An Introduction},
  year = {2002},
  series = {Graduate Texts in Mathematics},
  isbn = {0-387-98760-6},
  location = {New York},
  publisher = {Springer-Verlag},
}
@book{soare,
  author = {Soare, Robert},
  title = {Recursively Enumerable Sets and Degrees},
  year = {1987},
  isbn = {3-540-15299-7},
  location = {Berlin},
  publisher = {Springer-Verlag},
}
@online{taoblog,
  author = {Tao, Terence},
  title = {Infinite fields, finite fields, and the Ax-Grothendieck theorem},
  date = {2009-03-07},
  url = {https://terrytao.wordpress.com/2009/03/07/infinite-fields-finite-fields-and-the-ax-grothendieck-theorem/},
  urldate = {2015-08-21},
}
@online{anandnotes,
  author = {Pillay, Anand},
  title = {Lecture Notes---Model Theory},
  date = {2002-12-09},
  url = {https://www3.nd.edu/~apillay/pdf/lecturenotes_modeltheory.pdf},
  urldate = {2015-08-21},
}
